@Article{amin2005toward,
  author    = {Amin, S Massoud and Wollenberg, Bruce F},
  title     = {Toward a smart grid: power delivery for the 21st century},
  journal   = {IEEE power and energy magazine},
  year      = {2005},
  volume    = {3},
  number    = {5},
  pages     = {34--41},
  publisher = {IEEE},
}

@Article{energia2012,
  author  = {Energia, Ministerio de Minas e Energia},
  title   = {Relatório Smart Grid do Grupo de Trabalho de Redes Elétricas Inteligentes},
  journal = {Mme},
  year    = {2012},
}




@Comment{jabref-meta: databaseType:bibtex;}
